<record><leader>00000cas a22000007a 4500</leader><controlfield tag="001">13087841</controlfield><controlfield tag="008">860131d19391942wvuwr ne      0    0eng d</controlfield><datafield ind1=" " ind2=" " tag="010"><subfield code="a">sn 86092108 </subfield></datafield><datafield ind1=" " ind2=" " tag="040"><subfield code="a">WVC</subfield><subfield code="b">eng</subfield><subfield code="c">WVC</subfield><subfield code="d">DLC</subfield><subfield code="d">OCL</subfield><subfield code="d">OCLCQ</subfield></datafield><datafield ind1=" " ind2=" " tag="042"><subfield code="a">msc</subfield></datafield><datafield ind1="0" ind2=" " tag="130"><subfield code="a">Citizen-register (Point Pleasant, W. Va.)</subfield></datafield><datafield ind1="1" ind2="4" tag="245"><subfield code="a">The citizen-register.</subfield></datafield><datafield ind1=" " ind2=" " tag="260"><subfield code="a">Point Pleasant, W. Va. :</subfield><subfield code="b">Point Pleasant Register Co.</subfield></datafield><datafield ind1=" " ind2=" " tag="300"><subfield code="a">v.</subfield></datafield><datafield ind1=" " ind2=" " tag="310"><subfield code="a">Weekly</subfield></datafield><datafield ind1="1" ind2=" " tag="362"><subfield code="a">Began in 1939; ceased in 1942?</subfield><subfield code="z">Cf. W. Va. State Legislative Handbook.</subfield></datafield><datafield ind1=" " ind2=" " tag="580"><subfield code="a">Continued by: Point Pleasant citizen (non-extant).</subfield></datafield><datafield ind1=" " ind2=" " tag="588"><subfield code="a">Description based on: Vol. 1, no. 6 (Dec. 21, 1939).</subfield></datafield><datafield ind1=" " ind2=" " tag="752"><subfield code="a">United States</subfield><subfield code="b">West Virginia</subfield><subfield code="c">Mason</subfield><subfield code="d">Point Pleasant.</subfield></datafield><datafield ind1="0" ind2=" " tag="775"><subfield code="t">Point Pleasant daily register</subfield><subfield code="w">(DLC)sn 86092093</subfield></datafield><datafield ind1="0" ind2="4" tag="780"><subfield code="t">Citizen (Point Pleasant, W. Va.)</subfield><subfield code="w">(DLC)sn 86092107</subfield></datafield><datafield ind1="0" ind2="4" tag="780"><subfield code="t">Point Pleasant register (Point Pleasant, W. Va. : 1906)</subfield><subfield code="w">(DLC)sn 86092106</subfield></datafield><datafield ind1="0" ind2="0" tag="785"><subfield code="t">Point Pleasant citizen</subfield></datafield></record>